<record><leader>00000cas a2200000 a 4500</leader><controlfield tag="001">9297300</controlfield><controlfield tag="008">830310d1841186uinuwr ne      0   a0eng  </controlfield><datafield ind1=" " ind2=" " tag="010"><subfield code="a">sn 82016350 </subfield></datafield><datafield ind1=" " ind2=" " tag="040"><subfield code="a">DLC</subfield><subfield code="b">eng</subfield><subfield code="c">DLC</subfield><subfield code="d">NPX</subfield><subfield code="d">NPY</subfield><subfield code="d">NPI</subfield><subfield code="d">DLC</subfield><subfield code="d">KNP</subfield><subfield code="d">NVF</subfield><subfield code="d">OCL</subfield><subfield code="d">DLC</subfield><subfield code="d">IUL</subfield><subfield code="d">CUI</subfield><subfield code="d">OCLCQ</subfield><subfield code="d">DLC</subfield><subfield code="d">OCLCF</subfield><subfield code="d">IUL</subfield></datafield><datafield ind1="0" ind2=" " tag="022"><subfield code="a">2332-1075</subfield><subfield code="2">1</subfield></datafield><datafield ind1=" " ind2=" " tag="042"><subfield code="a">pcc</subfield><subfield code="a">nsdp</subfield></datafield><datafield ind1=" " ind2=" " tag="043"><subfield code="a">n-us-in</subfield></datafield><datafield ind1="0" ind2="0" tag="050"><subfield code="a">Newspaper</subfield></datafield><datafield ind1=" " ind2="4" tag="050"><subfield code="a">AN2.T32</subfield><subfield code="b">E97</subfield></datafield><datafield ind1=" " ind2="4" tag="050"><subfield code="a">AN</subfield></datafield><datafield ind1="0" ind2="0" tag="082"><subfield code="a">071</subfield><subfield code="2">23</subfield></datafield><datafield ind1=" " ind2="0" tag="222"><subfield code="a">Wabash express</subfield><subfield code="b">(Print)</subfield></datafield><datafield ind1="0" ind2="0" tag="245"><subfield code="a">Wabash express.</subfield></datafield><datafield ind1="1" ind2="3" tag="246"><subfield code="a">Express</subfield></datafield><datafield ind1=" " ind2=" " tag="260"><subfield code="a">Terre-Haute, Vigo Co[unty], Ind. :</subfield><subfield code="b">Thos. Dowling,</subfield><subfield code="c">1841-</subfield></datafield><datafield ind1=" " ind2=" " tag="300"><subfield code="a">v. ;</subfield><subfield code="c">59-61 cm.</subfield></datafield><datafield ind1=" " ind2=" " tag="310"><subfield code="a">Weekly</subfield></datafield><datafield ind1="0" ind2=" " tag="362"><subfield code="a">Vol. 1, no. 1 (Dec. 28, 1841)-</subfield></datafield><datafield ind1=" " ind2=" " tag="500"><subfield code="a">"Republican."</subfield></datafield><datafield ind1=" " ind2=" " tag="525"><subfield code="a">Has occasional supplements.</subfield></datafield><datafield ind1=" " ind2=" " tag="530"><subfield code="a">Also issued on microfilm from the Library of Congress, Photoduplication Service.</subfield></datafield><datafield ind1=" " ind2=" " tag="530"><subfield code="a">Archived issues are available in digital format as part of the Library of Congress Chronicling America online collection.</subfield></datafield><datafield ind1=" " ind2=" " tag="580"><subfield code="a">Daily eds.: Daily Wabash express (Terre Haute, Ind. : 1851), 1851, and: Terre-Haute daily express (Terre Haute, Ind. : 1851), 1851-&lt;&gt;, and: Daily express (Terre Haute, Ind.), &lt;1856&gt;-1857, and: Daily Wabash express (Terre Haute, Ind. : 1857), 1857-&lt;1861&gt;.</subfield></datafield><datafield ind1=" " ind2=" " tag="588"><subfield code="a">Latest issue consulted: Vol XX, no. 7 (January 23, 1861) = whole no. 958; U.S. Newspaper Archive (viewed June 5, 2017).</subfield></datafield><datafield ind1=" " ind2="0" tag="651"><subfield code="a">Terre Haute (Ind.)</subfield><subfield code="v">Newspapers.</subfield></datafield><datafield ind1=" " ind2="0" tag="651"><subfield code="a">Vigo County (Ind.)</subfield><subfield code="v">Newspapers.</subfield></datafield><datafield ind1=" " ind2="7" tag="651"><subfield code="a">Indiana</subfield><subfield code="z">Terre Haute.</subfield><subfield code="2">fast</subfield><subfield code="0">(OCoLC)fst01207975</subfield></datafield><datafield ind1=" " ind2="7" tag="651"><subfield code="a">Indiana</subfield><subfield code="z">Vigo County.</subfield><subfield code="2">fast</subfield><subfield code="0">(OCoLC)fst01206381</subfield></datafield><datafield ind1=" " ind2="7" tag="655"><subfield code="a">Newspapers.</subfield><subfield code="2">fast</subfield><subfield code="0">(OCoLC)fst01423814</subfield></datafield><datafield ind1=" " ind2=" " tag="752"><subfield code="a">United States</subfield><subfield code="b">Indiana</subfield><subfield code="c">Vigo</subfield><subfield code="d">Terre Haute.</subfield></datafield><datafield ind1="1" ind2=" " tag="775"><subfield code="t">Daily Wabash express (Terre Haute, Ind. : 1851)</subfield><subfield code="x">2332-2934</subfield><subfield code="w">(DLC)sn 87055455</subfield><subfield code="w">(OCoLC)15372935</subfield></datafield><datafield ind1="1" ind2=" " tag="775"><subfield code="t">Terre-Haute daily express (Terre Haute, Ind. : 1851)</subfield><subfield code="w">(DLC)sn 87055456</subfield><subfield code="w">(OCoLC)15376874</subfield></datafield><datafield ind1="1" ind2=" " tag="775"><subfield code="t">Daily express (Terre Haute, Ind.)</subfield><subfield code="w">(DLC)sn 86058034</subfield><subfield code="w">(OCoLC)13193721</subfield></datafield><datafield ind1="1" ind2=" " tag="775"><subfield code="t">Daily Wabash express (Terre Haute, Ind. : 1857)</subfield><subfield code="x">2332-2640</subfield><subfield code="w">(DLC)sn 84038189</subfield><subfield code="w">(OCoLC)11252853</subfield></datafield><datafield ind1="0" ind2="8" tag="776"><subfield code="i">Online version:</subfield><subfield code="t">Wabash express (Online)</subfield><subfield code="x">2332-1083</subfield><subfield code="w">(DLC)  2013272081</subfield><subfield code="w">(OCoLC)862948882</subfield></datafield><datafield ind1="0" ind2="5" tag="780"><subfield code="t">Wabash courier (Terre Haute, Ind.)</subfield><subfield code="g">Apr. 1857</subfield><subfield code="w">(DLC)sn 82014538</subfield><subfield code="w">(OCoLC)8792355</subfield></datafield><datafield ind1="0" ind2="0" tag="785"><subfield code="t">Weekly Wabash express</subfield><subfield code="w">(DLC)sn 85038049</subfield><subfield code="w">(OCoLC)11659851</subfield></datafield><datafield ind1="4" ind2="1" tag="856"><subfield code="u">http://www.loc.gov/chroniclingamerica/lccn/sn82016350/issues</subfield></datafield><datafield ind1="4" ind2="1" tag="856"><subfield code="u">https://access.newspaperarchive.com/us/indiana/terre-haute/terre-haute-wabash-express/</subfield></datafield><datafield ind1="1" ind2=" " tag="029"><subfield code="a">AU@</subfield><subfield code="b">000025838239</subfield></datafield></record>